@article{li2012simulation,
  title={Simulation of the entire range of daily precipitation using a hybrid probability distribution},
  author={Li, Chao and Singh, Vijay P and Mishra, Ashok K},
  journal={Water resources research},
  volume={48},
  number={3},
  year={2012},
  publisher={Wiley Online Library}
}


@article{papalexiou2012entropy,
  title={Entropy based derivation of probability distributions: A case study to daily rainfall},
  author={Papalexiou, Simon Michael and Koutsoyiannis, Demetris},
  journal={Advances in Water Resources},
  volume={45},
  pages={51--57},
  year={2012},
  publisher={Elsevier}
}
